<record><leader>01574cas a2200457 i 4500</leader><controlfield tag="001">on1457219712</controlfield><controlfield tag="003">OCoLC</controlfield><controlfield tag="005">20241003040953.0</controlfield><controlfield tag="006">m     o  d        </controlfield><controlfield tag="007">cr |||||||||||</controlfield><controlfield tag="008">240925c20239999orumr noo     0    0eng c</controlfield><datafield ind1=" " ind2=" " tag="010"><subfield code="a">  2024240297</subfield></datafield><datafield ind1=" " ind2=" " tag="040"><subfield code="a">ORU</subfield><subfield code="b">eng</subfield><subfield code="e">rda</subfield><subfield code="e">pn</subfield><subfield code="c">ORU</subfield><subfield code="d">ORU</subfield></datafield><datafield ind1=" " ind2=" " tag="035"><subfield code="a">(OCoLC)1457219712</subfield></datafield><datafield ind1=" " ind2=" " tag="042"><subfield code="a">pcc</subfield></datafield><datafield ind1=" " ind2=" " tag="043"><subfield code="a">n-us-or</subfield></datafield><datafield ind1=" " ind2=" " tag="049"><subfield code="a">ORUM</subfield></datafield><datafield ind1="0" ind2=" " tag="130"><subfield code="a">North Douglas herald (Drain, Or. : 2023)</subfield></datafield><datafield ind1="1" ind2="0" tag="245"><subfield code="a">North Douglas herald.</subfield></datafield><datafield ind1="1" ind2=" " tag="246"><subfield code="a">Herald</subfield></datafield><datafield ind1=" " ind2=" " tag="250"><subfield code="a">North County edition.</subfield></datafield><datafield ind1=" " ind2="1" tag="264"><subfield code="a">Drain Or :</subfield><subfield code="b">North Douglas Herald,</subfield><subfield code="c">2023-</subfield></datafield><datafield ind1=" " ind2=" " tag="300"><subfield code="a">1 online resource</subfield></datafield><datafield ind1=" " ind2=" " tag="310"><subfield code="a">Monthly</subfield></datafield><datafield ind1=" " ind2=" " tag="336"><subfield code="a">text</subfield><subfield code="b">txt</subfield><subfield code="2">rdacontent</subfield></datafield><datafield ind1=" " ind2=" " tag="336"><subfield code="a">still image</subfield><subfield code="b">sti</subfield><subfield code="2">rdacontent</subfield></datafield><datafield ind1=" " ind2=" " tag="337"><subfield code="a">computer</subfield><subfield code="b">c</subfield><subfield code="2">rdamedia</subfield></datafield><datafield ind1=" " ind2=" " tag="338"><subfield code="a">online resource</subfield><subfield code="b">cr</subfield><subfield code="2">rdacarrier</subfield></datafield><datafield ind1="1" ind2=" " tag="362"><subfield code="a">Began with Volume 1 issue 1 (September 1, 2023).</subfield></datafield><datafield ind1=" " ind2=" " tag="500"><subfield code="a">Issues for October 2023 - lack edition statement.</subfield></datafield><datafield ind1="0" ind2=" " tag="588"><subfield code="a">Volume 1 issue 1 (September 1, 2023); title from PDF masthead (publisher's Web site, viewed Sept. 25, 2024).</subfield></datafield><datafield ind1="1" ind2=" " tag="588"><subfield code="a">Vol #2 issue #9 (September 2024) (viewed Sept. 25, 2024).</subfield></datafield><datafield ind1=" " ind2="0" tag="651"><subfield code="a">Drain (Or.)</subfield><subfield code="v">Newspapers.</subfield></datafield><datafield ind1=" " ind2="0" tag="651"><subfield code="a">Douglas County (Or.)</subfield><subfield code="v">Newspapers.</subfield></datafield><datafield ind1=" " ind2="0" tag="651"><subfield code="a">Lane County (Or.)</subfield><subfield code="v">Newspapers.</subfield></datafield><datafield ind1=" " ind2="7" tag="655"><subfield code="a">Serial publications.</subfield><subfield code="2">lcgft</subfield></datafield><datafield ind1=" " ind2="7" tag="655"><subfield code="a">Newspapers.</subfield><subfield code="2">lcgft</subfield></datafield><datafield ind1=" " ind2=" " tag="752"><subfield code="a">United States</subfield><subfield code="b">Oregon</subfield><subfield code="c">Douglas</subfield><subfield code="d">Drain.</subfield></datafield><datafield ind1="0" ind2="8" tag="776"><subfield code="i">Pint version:</subfield><subfield code="t">North Douglas Herald</subfield></datafield><datafield ind1="4" ind2="0" tag="856"><subfield code="u">https://www.ndherald.com/issues.html</subfield><subfield code="z">Publisher's Web site</subfield></datafield><datafield ind1=" " ind2=" " tag="994"><subfield code="a">C0</subfield><subfield code="b">ORU</subfield></datafield></record>